<record><leader>00000cas a2200000 a 4500</leader><controlfield tag="001">10718201</controlfield><controlfield tag="008">840511d17901792nhuwr ne      0    0eng c</controlfield><datafield ind1=" " ind2=" " tag="010"><subfield code="a">sn 84023044 </subfield></datafield><datafield ind1=" " ind2=" " tag="040"><subfield code="a">AQM</subfield><subfield code="b">eng</subfield><subfield code="c">AQM</subfield><subfield code="d">NPX</subfield><subfield code="d">HUL</subfield><subfield code="d">KNP</subfield><subfield code="d">IUL</subfield><subfield code="d">YOX</subfield><subfield code="d">KNP</subfield><subfield code="d">YOX</subfield><subfield code="d">DLC</subfield><subfield code="d">OCL</subfield><subfield code="d">CVF</subfield><subfield code="d">NYS</subfield><subfield code="d">OCLCQ</subfield><subfield code="d">OCLCG</subfield><subfield code="d">KRTAS</subfield><subfield code="d">OCLCQ</subfield><subfield code="d">OCLCF</subfield><subfield code="d">OCLCO</subfield></datafield><datafield ind1="1" ind2=" " tag="029"><subfield code="a">AU@</subfield><subfield code="b">000020129278</subfield></datafield><datafield ind1=" " ind2=" " tag="042"><subfield code="a">pcc</subfield></datafield><datafield ind1=" " ind2=" " tag="043"><subfield code="a">n-us-nh</subfield></datafield><datafield ind1="0" ind2="0" tag="050"><subfield code="a">Newspaper</subfield></datafield><datafield ind1="0" ind2="0" tag="245"><subfield code="a">Political and sentimental repository, or, Strafford recorder.</subfield></datafield><datafield ind1="1" ind2=" " tag="246"><subfield code="i">Issues for &lt;June 9, 1791&gt;-Jan. 4, 1792 published as:</subfield><subfield code="a">Political repository, or, Strafford recorder</subfield></datafield><datafield ind1="3" ind2="0" tag="246"><subfield code="a">Strafford recorder</subfield></datafield><datafield ind1=" " ind2=" " tag="260"><subfield code="a">Dover, N.H. :</subfield><subfield code="b">E. Ladd,</subfield><subfield code="c">1790-1972.</subfield></datafield><datafield ind1="1" ind2=" " tag="362"><subfield code="a">Began July 15, 1790; ceased in Jan. 1792.</subfield></datafield><datafield ind1=" " ind2=" " tag="500"><subfield code="a">"First newspaper printed in Dover."</subfield></datafield><datafield ind1=" " ind2=" " tag="530"><subfield code="a">Available on microfilm from Readex Microprint Corp.</subfield></datafield><datafield ind1=" " ind2=" " tag="588"><subfield code="a">Description based on: Vol. 1, no. 3 (July 29, 1790).</subfield></datafield><datafield ind1=" " ind2="0" tag="651"><subfield code="a">Dover (N.H.)</subfield><subfield code="v">Newspapers.</subfield></datafield><datafield ind1=" " ind2="0" tag="651"><subfield code="a">Strafford County (N.H.)</subfield><subfield code="v">Newspapers.</subfield></datafield><datafield ind1=" " ind2="7" tag="655"><subfield code="a">Newspapers.</subfield><subfield code="2">fast</subfield><subfield code="0">(OCoLC)fst01423814</subfield></datafield><datafield ind1=" " ind2="7" tag="651"><subfield code="a">New Hampshire</subfield><subfield code="z">Dover.</subfield><subfield code="2">fast</subfield><subfield code="0">(OCoLC)fst01210485</subfield></datafield><datafield ind1=" " ind2="7" tag="651"><subfield code="a">New Hampshire</subfield><subfield code="z">Strafford County.</subfield><subfield code="2">fast</subfield><subfield code="0">(OCoLC)fst01211981</subfield></datafield><datafield ind1="1" ind2=" " tag="700"><subfield code="a">Ladd, Eliphalet,</subfield><subfield code="d">1769-1802.</subfield></datafield><datafield ind1=" " ind2=" " tag="752"><subfield code="a">United States</subfield><subfield code="b">New Hampshire</subfield><subfield code="c">Strafford</subfield><subfield code="d">Dover.</subfield></datafield><datafield ind1="0" ind2="0" tag="785"><subfield code="t">Phoenix (Dover, N.H.)</subfield><subfield code="w">(DLC)sn 84023045</subfield><subfield code="w">(OCoLC)10718443</subfield></datafield><datafield ind1=" " ind2=" " tag="850"><subfield code="a">MH</subfield></datafield><datafield ind1=" " ind2=" " tag="938"><subfield code="a">Kirtas Technologies, Inc.</subfield><subfield code="b">KRTS</subfield><subfield code="n">738432</subfield></datafield></record>